<record><leader>00000cas a2200000 i 4500</leader><controlfield tag="001">17492429</controlfield><controlfield tag="008">880217d18651865scuuu ne      0    0eng c</controlfield><datafield ind1=" " ind2=" " tag="010"><subfield code="a">sn 88086019 </subfield></datafield><datafield ind1=" " ind2=" " tag="040"><subfield code="a">NPV</subfield><subfield code="b">eng</subfield><subfield code="e">rda</subfield><subfield code="c">NPV</subfield><subfield code="d">SVN</subfield><subfield code="d">OCL</subfield><subfield code="d">OCLCQ</subfield><subfield code="d">OCLCF</subfield><subfield code="d">SUC</subfield></datafield><datafield ind1=" " ind2=" " tag="042"><subfield code="a">msc</subfield></datafield><datafield ind1=" " ind2=" " tag="043"><subfield code="a">n-us-sc</subfield></datafield><datafield ind1="0" ind2=" " tag="130"><subfield code="a">Banner of freedom (Sumter, S.C.)</subfield></datafield><datafield ind1="1" ind2="4" tag="245"><subfield code="a">The banner of freedom.</subfield></datafield><datafield ind1=" " ind2="1" tag="264"><subfield code="a">Sumter, S.C. :</subfield><subfield code="b">Printers of the 25th Ohio Vet. Vol. Infantry</subfield></datafield><datafield ind1=" " ind2=" " tag="300"><subfield code="a">volume</subfield></datafield><datafield ind1=" " ind2=" " tag="336"><subfield code="a">text</subfield><subfield code="2">rdacontent</subfield></datafield><datafield ind1=" " ind2=" " tag="337"><subfield code="a">unmediated</subfield><subfield code="2">rdamedia</subfield></datafield><datafield ind1=" " ind2=" " tag="338"><subfield code="a">volume</subfield><subfield code="2">rdacarrier</subfield></datafield><datafield ind1="1" ind2=" " tag="362"><subfield code="a">Began and ceased with April 10, 1865.</subfield></datafield><datafield ind1=" " ind2=" " tag="500"><subfield code="a">Only one issue published, on the presses of the Sumter watchman.</subfield></datafield><datafield ind1=" " ind2=" " tag="588"><subfield code="a">Description based on: April 10, 1865; title from masthead.</subfield></datafield><datafield ind1=" " ind2=" " tag="588"><subfield code="a">Latest issue consulted: April 10, 1865.</subfield></datafield><datafield ind1=" " ind2="0" tag="651"><subfield code="a">Sumter County (S.C.)</subfield><subfield code="v">Newspapers.</subfield></datafield><datafield ind1=" " ind2="7" tag="651"><subfield code="a">South Carolina</subfield><subfield code="z">Sumter County.</subfield><subfield code="2">fast</subfield><subfield code="0">(OCoLC)fst01211788</subfield></datafield><datafield ind1=" " ind2="7" tag="655"><subfield code="a">Newspapers.</subfield><subfield code="2">fast</subfield><subfield code="0">(OCoLC)fst01423814</subfield></datafield><datafield ind1="1" ind2=" " tag="710"><subfield code="a">United States.</subfield><subfield code="b">Army.</subfield><subfield code="b">Ohio Infantry Regiment, 25th (1861-1866)</subfield></datafield><datafield ind1=" " ind2=" " tag="752"><subfield code="a">United States</subfield><subfield code="b">South Carolina</subfield><subfield code="c">Sumter</subfield><subfield code="d">Sumter.</subfield></datafield></record>